
% Nakamura Konstruktion
@article{worsch2010note,
  title={A note on (intrinsically?) universal asynchronous cellular automata},
  author={Worsch, Thomas},
  journal={Proceedings Automata},
  pages={339--350},
  year={2010},
  url = "https://www.researchgate.net/profile/Jarkko_Kari2/publication/48417364_Proceedings_of_AUTOMATA_2010_16th_International_workshop_on_cellular_automata_and_discrete_complex_systems/links/55ca14da08aebc967dfbd95c.pdf#page=346"
}

% L^LT-L = L^t(2n)-L
@article{MAZOYER199259,
  title = "A linear speed-up theorem for cellular automata",
  journal = "Theoretical Computer Science",
  volume = "101",
  number = "1",
  pages = "59 - 98",
  year = "1992",
  issn = "0304-3975",
  doi = "https://doi.org/10.1016/0304-3975(92)90150-E",
  url = "http://www.sciencedirect.com/science/article/pii/030439759290150E",
  author = "J. Mazoyer and N. Reimen"
}

% L^LT-L = L^t(2n)-L
@article{IBARRA1988225,
  title = "Relating the power of cellular arrays to their closure properties",
  journal = "Theoretical Computer Science",
  volume = "57",
  number = "2",
  pages = "225 - 238",
  year = "1988",
  issn = "0304-3975",
  doi = "https://doi.org/10.1016/0304-3975(88)90040-0",
  url = "http://www.sciencedirect.com/science/article/pii/0304397588900400",
  author = "Oscar H. Ibarra and Tao Jiang"
}

% 2n-OCA's are equivalent to real time CA's
@Article{Choffrut1984,
  author="Choffrut, C.
  and Culik, K.",
  title="On real-time cellular automata and trellis automata",
  journal="Acta Informatica",
  year="1984",
  month="Nov",
  day="01",
  volume="21",
  number="4",
  pages="393--407",
  abstract="It is shown that f(n)-time one-way cellular automata are equivalent to f(n)-time trellis automata, the real-time one-way cellular automata languages are closed under reversal, the 2n-time one-way cellular automata are equivalent to real-time cellular automata and the latter are strictly more powerful than the real-time one-way cellular automata.",
  issn="1432-0525",
  doi="10.1007/BF00264617",
  url="https://doi.org/10.1007/BF00264617"
}


% Offene Probleme
@Inbook{Kutrib2009,
  author="Kutrib, Martin",
  editor="Meyers, Robert A.",
  title="Cellular Automata and Language Theory",
  bookTitle="Encyclopedia of Complexity and Systems Science",
  year="2009",
  publisher="Springer New York",
  address="New York, NY",
  pages="800--823",
  isbn="978-0-387-30440-3",
  doi="10.1007/978-0-387-30440-3_54",
  url="https://doi.org/10.1007/978-0-387-30440-3_54"
}